% !TEX encoding = UTF-8 Unicode

% Chapter 1

@book{Whittle:1951hy,
title={Hypothesis testing in time series analysis},
author={Whittle, Peter},
volume={4},
year={1951},
publisher={Almqvist \& Wiksells}
}

@book{Zucchini:2009df,
author = {Zucchini, Walter and MacDonald, Iain L},
title = {{Hidden Markov models for time series}},
publisher = {CRC Press, Boca Raton, FL},
year = {2009},
volume = {110},
series = {Monographs on Statistics and Applied Probability}
}

@article{Creal:2012ct,
author = {Creal, Drew},
title = {{A Survey of Sequential Monte Carlo Methods for Economics and Finance}},
journal = {Econometric Reviews},
year = {2012},
volume = {31},
number = {3},
pages = {245--296},
month = may
}


% Chapter 2

@TechReport{wiki:mixture,
author = "Wikipedia",
title = "Mixture model --- Wikipedia{,} The Free Encyclopedia",
year = "2016",
url = "https://en.wikipedia.org/w/index.php?title=Mixture_model&oldid=718940784",
}

@TechReport{wiki:markov,
author = "Wikipedia",
title = "Markov chain --- Wikipedia{,} The Free Encyclopedia",
year = "2016",
url = "https://en.wikipedia.org/w/index.php?title=Markov_chain&oldid=718668115",
}

@book{Kemeny:1960mc,
title={Finite markov chains},
author={Kemeny, John G and Snell, James Laurie and others},
volume={356},
year={1960},
publisher={van Nostrand Princeton, NJ}
}

@article{Forgy:1965cl,
title={Cluster analysis of multivariate data: efficiency versus interpretability of classifications},
author={Forgy, Edward W},
journal={Biometrics},
volume={21},
pages={768--769},
year={1965}
}

@incollection{MacQueen:1967uv,
author = {MacQueen, J},
title = {{Some methods for classification and analysis of multivariate observations}},
booktitle = {Proc. Fifth Berkeley Sympos. Math. Statist. and Probability (Berkeley, Calif., 1965/66)},
year = {1967},
pages = {Vol. I: Statistics, pp. 281--297},
publisher = {Univ. California Press, Berkeley, Calif.}
}

@article{Hasselblad:1969bk,
author = {Hasselblad, Victor},
title = {{Estimation of Finite Mixtures of Distributions from the Exponential Family}},
journal = {Journal of the American Statistical Association},
year = {1969},
volume = {64},
number = {328},
pages = {1459--1471},
month = dec
}

@article{Behboodian:1970hh,
author = {Behboodian, Javad},
title = {{On the Modes of a Mixture of Two Normal Distributions}},
journal = {Technometrics},
year = {1970},
volume = {12},
number = {1},
pages = {131--139},
month = feb
}

@book{Hartigan:1975cl,
title={Clustering algorithms},
author={Hartigan, John A},
year={1975},
publisher={John Wiley \& Sons}
}

@article{Cont:2001gv,
author = {Cont, Rama},
title = {{Empirical properties of asset returns: stylized facts and statistical issues}},
journal = {Quantitative Finance},
year = {2001},
volume = {1},
number = {2},
pages = {223--236}
}

@book{Mclachlan:2004fi,
title={Finite mixture models},
author={McLachlan, Geoffrey and Peel, David},
year={2004},
publisher={John Wiley \& Sons}
}

@book{Fruhwirth:2006fi,
title={Finite mixture and Markov switching models},
author={Fr{\"u}hwirth-Schnatter, Sylvia},
year={2006},
publisher={Springer Science \& Business Media}
}

@book{Meyn2012:mc,
title={Markov chains and stochastic stability},
author={Meyn, Sean P and Tweedie, Richard L},
year={2012},
publisher={Springer Science \& Business Media}
}

@article{Babu:2012wl,
author = {Babu, M Suresh and Geethanjali, N and Satyanarayana, B},
title = {{Clustering Approach to Stock Market Prediction}},
journal = {International Journal of Advanced Networking and Applications},
year = {2012},
volume = {3},
number = {4},
pages = {1281--1291},
month = nov
}

@article{Gupta:2014tp,
author = {Gupta, A and Sharma, S D},
title = {{Clustering-Classification Based Prediction of Stock Market Future Prediction}},
journal = {IJCSIT) International Journal of Computer Science {\ldots}},
year = {2014}
}

% Chapter 3

@TechReport{wiki:hmm,
author = "Wikipedia",
title = "Hidden Markov model --- Wikipedia{,} The Free Encyclopedia",
year = "2016",
url = "https://en.wikipedia.org/w/index.php?title=Hidden_Markov_model&oldid=716209275",
}

@article{Stratonovich:1960vh,
author = {Stratonovich, R L},
title = {{Conditional markov processes}},
journal = {Theory of Probability {\&} Its Applications},
year = {1960},
volume = {5},
number = {2},
pages = {156--178}
}

@article{Baum:1966cy,
author = {Baum, Leonard E and Petrie, Ted},
title = {{Statistical inference for probabilistic functions of finite state Markov chains}},
journal = {Annals of Mathematical Statistics},
year = {1966},
volume = {37},
number = {6},
pages = {1554--1563}
}

@article{Baum:1967gs,
author = {Baum, Leonard E and Eagon, J A},
title = {{An inequality with applications to statistical estimation for probabilistic functions of Markov processes and to a model for ecology}},
journal = {Bulletin of the American Mathematical Society},
year = {1967},
volume = {73},
number = {3},
pages = {360--363}
}

@article{Baum:1970do,
author = {Baum, Leonard E and Petrie, Ted and Soules, George and Weiss, Norman},
title = {{A maximization technique occurring in the statistical analysis of probabilistic functions of Markov chains}},
journal = {Annals of Mathematical Statistics},
year = {1970},
volume = {41},
number = {1},
pages = {164--171}
}

@article{Viterbi:1967hq,
author = {Viterbi, A},
title = {{Error bounds for convolutional codes and an asymptotically optimum decoding algorithm}},
journal = {Institute of Electrical and Electronics Engineers. Transactions on Information Theory},
year = {1967},
volume = {13},
number = {2},
pages = {260--269},
month = apr
}

@article{Rabiner:1986jk,
author = {Rabiner, L and Juang, B},
title = {{An introduction to hidden Markov models}},
journal = {IEEE ASSP Magazine},
year = {1986},
volume = {3},
number = {1},
pages = {4--16},
month = jan
}

@article{Rabiner:1989hs,
author = {Rabiner, Lawrence R},
title = {{A tutorial on hidden Markov models and selected applications in speech recognition}},
journal = {Proceedings of the IEEE},
year = {1989},
volume = {77},
number = {2},
pages = {257--286},
month = feb
}

@article{Fredkin:1992ba,
title={Bayesian restoration of single-channel patch clamp recordings},
author={Fredkin, Donald R and Rice, John A},
journal={Biometrics},
pages={427--448},
year={1992},
publisher={JSTOR}
}

@article{Leroux:1992ma,
title={Maximum-penalized-likelihood estimation for independent and Markov-dependent mixture models},
author={Leroux, Brian G and Puterman, Martin L},
journal={Biometrics},
pages={545--558},
year={1992},
publisher={JSTOR}
}

@article{Ephraim:2002ju,
author = {Ephraim, Yariv and Merhav, Neri},
title = {{Hidden Markov processes}},
journal = {Institute of Electrical and Electronics Engineers. Transactions on Information Theory},
year = {2002},
volume = {48},
number = {6},
pages = {1518--1569}
}

@article{Haas:2004ek,
author = {Haas, M and Mittnik, S and Paolella, M S},
title = {{A new approach to Markov-switching GARCH models}},
journal = {Journal of Financial {\ldots}},
year = {2004}
}

@article{Ghassempour:2014ew,
author = {Ghassempour, Shima and Girosi, Federico and Maeder, Anthony},
title = {{Clustering Multivariate Time Series Using Hidden Markov Models}},
journal = {International Journal of Environmental Research and Public Health},
year = {2014},
volume = {11},
number = {3},
pages = {2741--2763},
month = mar
}

% Chapter 4

@article{Bengio:1992ke,
author = {Bengio, Y and De Mori, R and Flammia, G and Kompe, R},
title = {{Global optimization of a neural network-hidden Markov model hybrid}},
journal = {IEEE Transactions on Neural Networks},
year = {1992},
volume = {3},
number = {2},
pages = {252--259},
month = mar
}

@article{Tipping:1999db,
author = {Tipping, Michael E and Bishop, Christopher M},
title = {{Mixtures of Probabilistic Principal Component Analyzers}},
journal = {Neural Computation},
year = {1999},
volume = {11},
number = {2},
pages = {443--482},
month = feb
}

@article{Beckers:2003do,
author = {Beckers, J M and Rixen, M},
title = {{EOF calculations and data filling from incomplete oceanographic datasets}},
journal = {Journal of Atmospheric and Oceanic Technology},
year = {2003},
volume = {20},
number = {12},
pages = {1839--1856},
month = dec
}

@article{Hassan:2005uw,
author = {Hassan, M R and Nath, B},
title = {{Stock market forecasting using hidden Markov model: a new approach}},
journal = {{\ldots} Design and Applications},
year = {2005}
}

@article{Reuter:2007cv,
author = {Reuter, H I and Nelson, A and Jarvis, A},
title = {{An evaluation of void-filling interpolation methods for SRTM data}},
journal = {International Journal of Geographical Information Science},
year = {2007},
volume = {21},
number = {9},
pages = {983--1008},
month = oct
}

@article{Hassan:2007hk,
author = {Hassan, Md Rafiul and Nath, Baikunth and Kirley, Michael},
title = {{A fusion model of HMM, ANN and GA for stock market forecasting}},
journal = {Expert Systems with Applications},
year = {2007},
volume = {33},
number = {1},
pages = {171--180},
month = jul
}

@article{Wasson:2009dh,
author = {Wasson, T and Hartemink, A J},
title = {{An ensemble model of competitive multi-factor binding of the genome}},
journal = {Genome Research},
year = {2009},
volume = {19},
number = {11},
pages = {2101--2112},
month = nov
}

@inproceedings{Gupta:2012gm,
author = {Gupta, Aditya and Dhingra, Bhuwan},
title = {{Stock market prediction using Hidden Markov Models}},
booktitle = {2012 Students Conference on Engineering and Systems (SCES)},
year = {2012},
pages = {1--4},
publisher = {IEEE}
}

@inproceedings{Brailovskiy:2014wu,
author = {Brailovskiy, L and Herman, M},
title = {{Prediction of Financial Time Series Using Hidden Markov Models}},
booktitle = {2014 ASE BIGDATA/SOCIALCOM/CYBERSECURITY Conference},
year = {2014}
}

@article{Dias:2015ky,
author = {Dias, Jose G and Vermunt, Jeroen K and Ramos, Sofia},
title = {{Clustering financial time series: New insights from an extended hidden Markov model}},
journal = {European Journal of Operational Research},
year = {2015},
volume = {243},
number = {3},
pages = {852--864}
}

% Chapter 5

@article{Kon:1984ih,
author = {Kon, Stanley J},
title = {{Models of Stock Returns--A Comparison}},
journal = {The Journal of Finance},
year = {1984},
volume = {39},
number = {1},
pages = {147--165},
month = mar
}

@article{Nystrup:2015ic,
author = {Nystrup, P and Madsen, H and Lindstr{\"o}m, E},
title = {{Stylised facts of financial time series and hidden Markov models in continuous time}},
journal = {Quantitative Finance},
year = {2015}
}

% Chapter 7

@TechReport{wiki:PF,
author = "Wikipedia",
title = "Particle filter --- Wikipedia{,} The Free Encyclopedia",
year = "2016",
url = "https://en.wikipedia.org/w/index.php?title=Particle_filter&oldid=717665870",
note = "[Online; accessed 9-May-2016]"
}

@article{Kahn:1953me,
title={Methods of reducing sample size in Monte Carlo computations},
author={Kahn, Herman and Marshall, Andy W},
journal={Journal of the Operations Research Society of America},
volume={1},
number={5},
pages={263--278},
year={1953},
publisher={INFORMS}
}

@article{Marshall:1954us,
title={The use of multistage sampling schemes in Monte Carlo computations},
author={Marshall, Andy W},
year={1954},
publisher={Rand Corporation}
}

@article{Rubin:1987co,
title={Comment: A noniterative Sampling/Importance Resampling alternative to the data augmentation algorithm for creating a few imputations when fractions of missing information are modest: The SIR algorithm},
author={Rubin, Donald B},
journal={Journal of the American Statistical Association},
volume={82},
number={398},
pages={542--543},
year={1987},
publisher={American Statistical Association}
}

@article{Gordon:1993up,
author = {Gordon, N J and Salmond, D J and Smith, A F M},
title = {{Novel approach to nonlinear/non-Gaussian Bayesian state estimation}},
journal = {Radar and Signal Processing, IEE Proceedings F},
year = {1993},
volume = {140},
number = {2},
pages = {107--113},
month = apr
}

@article{DelMoral:1997dp,
author = {Del Moral, P},
title = {{Nonlinear filtering: Interacting particle resolution}},
journal = {Comptes Rendus De L Academie Des Sciences Serie I-Mathematique},
year = {1997},
volume = {325},
number = {6},
pages = {653--658},
month = sep
}

@article{Liu:1998fp,
author = {Liu, J S and Chen, R},
title = {{Sequential Monte Carlo methods for dynamic systems}},
journal = {Journal of the American Statistical Association},
year = {1998},
volume = {93},
number = {443},
pages = {1032--1044},
month = sep
}

@article{Zhang:2005tp,
author = {Zhang, Y},
title = {{Prediction of financial time series with Hidden Markov Models}},
year = {2004},
school={Simon Fraser University}
}

@article{Richard:2007gz,
author = {Richard, Jean-Francois and Zhang, Wei},
title = {{Efficient high-dimensional importance sampling}},
journal = {Journal of Econometrics},
year = {2007},
volume = {141},
number = {2},
pages = {1385--1411},
month = dec
}

@article{Toni:2009abc,
title={Approximate Bayesian computation scheme for parameter inference and model selection in dynamical systems},
author={Toni, Tina and Welch, David and Strelkowa, Natalja and Ipsen, Andreas and Stumpf, Michael PH},
journal={Journal of the Royal Society Interface},
volume={6},
number={31},
pages={187--202},
year={2009},
publisher={The Royal Society}
}

@book{Rubinstein:2013ce,
title={The cross-entropy method: a unified approach to combinatorial optimization, Monte-Carlo simulation and machine learning},
author={Rubinstein, Reuven Y and Kroese, Dirk P},
year={2013},
publisher={Springer Science \& Business Media}
}

@article{Dean:2014pe,
title={Parameter estimation for hidden Markov models with intractable likelihoods},
author={Dean, Thomas A and Singh, Sumeetpal S and Jasra, Ajay and Peters, Gareth W},
journal={Scandinavian Journal of Statistics},
volume={41},
number={4},
pages={970--987},
year={2014},
publisher={Wiley Online Library}
}

@article{Jacob:2015um,
author = {Jacob, Pierre E},
title = {{Sequential Bayesian inference for implicit hidden Markov models and current limitations}},
journal = {arXiv.org},
year = {2015},
eprint = {1505.04321v1},
eprinttype = {arxiv},
eprintclass = {stat.ME},
month = may
}

@article{Gao:2015vv,
author = {Gao, Tian and Li, Jinglai},
title = {{A Derivative-Free Trust-Region Method for Reliability-Based Optimizations}},
journal = {arXiv.org},
year = {2016},
eprint = {1511.02284v2},
eprinttype = {arxiv},
eprintclass = {stat.CO},
month = mar
}
